<record xmlns="http://www.loc.gov/MARC21/slim" xmlns:xsi="http://www.w3.org/2001/XMLSchema-instance" xsi:schemaLocation="http://www.loc.gov/MARC21/slim http://www.loc.gov/standards/marcxml/schema/MARC21slim.xsd"><leader>00000njm  22000007a 4500</leader><datafield ind1="3" ind2=" " tag="024"><subfield code="a">5013929109803</subfield></datafield><datafield ind1="0" ind2="1" tag="028"><subfield code="a">CDCRBOX98</subfield><subfield code="b">Cherry Red Records</subfield></datafield><datafield ind1="0" ind2=" " tag="041"><subfield code="a">eng</subfield><subfield code="d">eng</subfield></datafield><datafield ind1=" " ind2=" " tag="084"><subfield code="a">78</subfield><subfield code="2">ykl</subfield></datafield><datafield ind1=" " ind2=" " tag="091"><subfield code="a">77</subfield></datafield><datafield ind1=" " ind2=" " tag="093"><subfield code="a">78.8911</subfield></datafield><datafield ind1=" " ind2=" " tag="095"><subfield code="a">788.33</subfield></datafield><datafield ind1=" " ind2=" " tag="097"><subfield code="a">78.8911</subfield></datafield><datafield ind1="2" ind2=" " tag="110"><subfield code="a">Big Country,</subfield><subfield code="e">esitt&#228;j&#228;</subfield></datafield><datafield ind1="1" ind2="0" tag="245"><subfield code="a">Out beyond the river :</subfield><subfield code="b">the Compulsion years anthology/</subfield><subfield code="c">Big Country </subfield></datafield><datafield ind1="1" ind2="0" tag="246"><subfield code="a">Compulsion years anthology</subfield></datafield><datafield ind1=" " ind2=" " tag="260"><subfield code="a">[S.l.] :</subfield><subfield code="b">Cherry Red Records,</subfield><subfield code="c">c2020  </subfield></datafield><datafield ind1=" " ind2=" " tag="300"><subfield code="a">5 CD-&#228;&#228;nilevy&#228; + 1 DVD-levy +</subfield><subfield code="e">esiteliite</subfield></datafield><datafield ind1=" " ind2=" " tag="500"><subfield code="a">Uudelleenmasteroitu. - DVDMUS. - Aineisto kotelossa.  </subfield></datafield><datafield ind1="0" ind2=" " tag="505"><subfield code="a">CD1: Alone. Seven waves. What are you working for. The One I love. Long way home. The selling of America. We're not in Kansas. Ships. All go together. Winding wind. Pink marshmallow moon. Chester's farm. The One I love [US Mix]. Never take your place. Eastworld. Buffalo skinners [Demo]. - CD2: Rockin' in the free world. Woodstock. Oh well. (Don't Fear) The reaper. Buffalo skinners. Cracked actor. Paranoid. Ships (Radio Edit). Alone (Radio Edit). We're not in Kansas (US alternate mix). The One I love (Dave Thoener remix). I am a small republic. Dragging my name (Audiocraft demo). Seven waves (Instrumental demo). Eastworld (Instrumental demo). What are you working for (Instrumental demo). - CD3: Alone (Demo). Seven waves (Demo). What are you working for (Audiocraft demo). The One I love (Demo). Long way home (Demo). The selling of America (Demo). We're not in Kansas (Monitor mix). Ships (Monitor mix). All go together (Demo). Winding wind (Demo). Pink marshmallow moon (Demo). Chester's farm (Audiocraft mix). Eastworld (Demo). Rockin' in the free world (Monitor mix). - CD4: Introduction. Harvest Home (Acoustic). Peace in our time (Acoustic). Just a Shadow (Acoustic). 13 valleys (Acoustic). Winter sky (Acoustic). The storm (Acoustic). Chance (Acoustic). Tracks of my tears (Acoustic). Rockin' in the free world (Acoustic). All go together. We're not in Kansas. Look away. What are you working for. Steeltown. - CD5: Stuart and the audience. Ships. Wonderland. Long way home. Alone. In a Big Country. The Audience (Encore). Lost patrol.  (Hey hey my my) Out of the blue (Into the black). Fields of Fire. - DVD:  Introduction / Harvest home (Acoustic). Peace in our time (Acoustic). 13 valleys (Acoustic). The storm (Acoustic). Chance (Acoustic). Look away. What are you working for. Steeltown. Stuart and the audience. Ships. Wonderland. Long way home. Alone. In a Big Country. Lost patrol. Alone (Promo video). Ships (Promo video). </subfield></datafield><datafield ind1="0" ind2=" " tag="505"><subfield code="a">CD 1: The Buffalo Skinners (p1993); CD 2: B-Sides, bonus tracks &amp; rarities CD 3: The Buffalo Skinners demos; CD 4: Without the aid of a safety net: live 1993 (Volume 1); CD5: Without the aid of a safety net: live 1993 (Volume 2); DVD: Without the aid of a safety net: live 1993.</subfield></datafield><datafield ind1="0" ind2=" " tag="511"><subfield code="a">Big Country: Stuart Adamson (voc, g), Tony Butler (b), Bruce Watson (g, mand), Mark Brzezicki (dr). - Lis&#228;ksi avustajia: Simon Phillips (dr), Colin Berwick (keyb).</subfield></datafield><datafield ind1=" " ind2=" " tag="518"><subfield code="o">&#196;&#228;nitys (konserttitaltiointi):</subfield><subfield code="d">29.12.1993,</subfield><subfield code="p">The Barrowlands Ballroom, Glasgow</subfield><subfield code="3">CD4 </subfield></datafield><datafield ind1=" " ind2=" " tag="518"><subfield code="o">&#196;&#228;nitys (konserttitaltiointi):</subfield><subfield code="d">29.12.1993,</subfield><subfield code="p">The Barrowlands Ballroom, Glasgow</subfield><subfield code="3">CD5</subfield></datafield><datafield ind1=" " ind2=" " tag="578"><subfield code="a">jarkko.nuutila@kauniainen.fi</subfield></datafield><datafield ind1=" " ind2="7" tag="648"><subfield code="a">1990-luku</subfield></datafield><datafield ind1=" " ind2="7" tag="651"><subfield code="a">Skotlanti</subfield></datafield><datafield ind1=" " ind2="7" tag="655"><subfield code="a">rock</subfield></datafield><datafield ind1=" " ind2="7" tag="655"><subfield code="a">konsertit</subfield></datafield><datafield ind1="1" ind2=" " tag="700"><subfield code="a">Adamson, Stuart,</subfield><subfield code="e">laulaja</subfield></datafield><datafield ind1="1" ind2=" " tag="700"><subfield code="a">Adamson, Stuart,</subfield><subfield code="e">s&#228;velt&#228;j&#228;</subfield></datafield><datafield ind1="1" ind2=" " tag="700"><subfield code="a">Butler, Tony,</subfield><subfield code="e">s&#228;hk&#246;basso</subfield></datafield><datafield ind1="1" ind2=" " tag="700"><subfield code="a">Watson, Bruce,</subfield><subfield code="e">kitara</subfield></datafield><datafield ind1="1" ind2=" " tag="700"><subfield code="a">Phillips, Simon,</subfield><subfield code="e">rummut</subfield></datafield><datafield ind1="1" ind2=" " tag="700"><subfield code="a">Berwick, Colin,</subfield><subfield code="e">kosketinsoittimet</subfield></datafield><datafield ind1="1" ind2=" " tag="700"><subfield code="a">Brzezicki, Mark,</subfield><subfield code="e">rummut</subfield></datafield><datafield ind1="2" ind2="2" tag="710"><subfield code="a">Big Country,</subfield><subfield code="e">esitt&#228;j&#228;.</subfield><subfield code="t">Buffalo skinners </subfield></datafield><datafield ind1="2" ind2="2" tag="710"><subfield code="a">Big Country,</subfield><subfield code="e">esitt&#228;j&#228;.</subfield><subfield code="t">Without the aid of a safety net</subfield></datafield><datafield ind1="0" ind2=" " tag="730"><subfield code="a">Alone (Adamson) /</subfield><subfield code="g">Adamson, Stuart</subfield></datafield><datafield ind1="0" ind2=" " tag="730"><subfield code="a">Seven waves /</subfield><subfield code="g">Adamson, Stuart &amp; Watson, Bruce</subfield></datafield><datafield ind1="0" ind2=" " tag="730"><subfield code="a">What are you working for /</subfield><subfield code="g">Adamson, Stuart</subfield></datafield><datafield ind1="0" ind2=" " tag="730"><subfield code="a">Long way home (Adamson) /</subfield><subfield code="g">Adamson, Stuart</subfield></datafield><datafield ind1="0" ind2=" " tag="730"><subfield code="a">We're not in Kansas /</subfield><subfield code="g">Adamson, Stuart</subfield></datafield><datafield ind1="0" ind2=" " tag="730"><subfield code="a">Ships (Adamson) /</subfield><subfield code="g">Adamson, Stuart &amp; Watson, Bruce</subfield></datafield><datafield ind1="4" ind2=" " tag="730"><subfield code="a">The one I love (Adamson) /</subfield><subfield code="g">Adamson, Stuart &amp; Watson, Bruce</subfield></datafield><datafield ind1="4" ind2=" " tag="730"><subfield code="a">The selling of America /</subfield><subfield code="g">Adamson, Stuart &amp; Butler, Tony</subfield></datafield><datafield ind1="0" ind2=" " tag="730"><subfield code="a">All go together /</subfield><subfield code="g">Adamson, Stuart &amp; Watson, Bruce</subfield></datafield><datafield ind1="0" ind2=" " tag="730"><subfield code="a">Winding wind /</subfield><subfield code="g">Adamson, Stuart</subfield></datafield><datafield ind1="0" ind2=" " tag="730"><subfield code="a">Pink marshmallow moon /</subfield><subfield code="g">Adamson, Stuart &amp; Watson, Bruce</subfield></datafield><datafield ind1="0" ind2=" " tag="730"><subfield code="a">Chester's farm /</subfield><subfield code="g">Adamson, Stuart &amp; Butler, Tony</subfield></datafield><datafield ind1="0" ind2=" " tag="730"><subfield code="a">Never take your place /</subfield><subfield code="g">Adamson, Stuart &amp; Watson, Bruce</subfield></datafield><datafield ind1="0" ind2=" " tag="730"><subfield code="a">Eastworld /</subfield><subfield code="g">Adamson, Stuart &amp; Watson, Bruce</subfield></datafield><datafield ind1="0" ind2=" " tag="730"><subfield code="a">Buffalo skinners /</subfield><subfield code="g">Adamson, Stuart</subfield></datafield><datafield ind1="0" ind2=" " tag="730"><subfield code="a">Rockin' in the free world /</subfield><subfield code="g">Young, Neil</subfield></datafield><datafield ind1="0" ind2=" " tag="730"><subfield code="a">Woodstock /</subfield><subfield code="g">Mitchell, Joni</subfield></datafield><datafield ind1="0" ind2=" " tag="730"><subfield code="a">Oh well /</subfield><subfield code="g">Green, Peter</subfield></datafield><datafield ind1="0" ind2=" " tag="730"><subfield code="a">(Don't fear) The reaper /</subfield><subfield code="g">Roeser, Donald</subfield></datafield><datafield ind1="0" ind2=" " tag="730"><subfield code="a">Cracked actor /</subfield><subfield code="g">Bowie, David</subfield></datafield><datafield ind1="0" ind2=" " tag="730"><subfield code="a">Paranoid /</subfield><subfield code="g">Iommi, Anthony &amp; Osbourne, John &amp; Ward, William &amp; Butler, Terence</subfield></datafield><datafield ind1="0" ind2=" " tag="730"><subfield code="a">I am a small republic /</subfield><subfield code="g">Adamson, Stuart</subfield></datafield><datafield ind1="0" ind2=" " tag="730"><subfield code="a">Dragging my name /</subfield><subfield code="g">Adamson, Stuart</subfield></datafield><datafield ind1="0" ind2=" " tag="730"><subfield code="a">Harvest home /</subfield><subfield code="g">Adamson, Stuart</subfield></datafield><datafield ind1="0" ind2=" " tag="730"><subfield code="a">Peace in our time /</subfield><subfield code="g">Adamson &amp; Brzezicki &amp; Butler &amp; Watson </subfield></datafield><datafield ind1="0" ind2=" " tag="730"><subfield code="a">Just a shadow /</subfield><subfield code="g">Adamson &amp; Brzezicki &amp; Butler &amp; Watson</subfield></datafield><datafield ind1="0" ind2=" " tag="730"><subfield code="a">13 valleys /</subfield><subfield code="g">Adamson, Stuart</subfield></datafield><datafield ind1="0" ind2=" " tag="730"><subfield code="a">Winter sky /</subfield><subfield code="g">Adamson &amp; Watson</subfield></datafield><datafield ind1="4" ind2=" " tag="730"><subfield code="a">The storm /</subfield><subfield code="g">Adamson &amp; Brzesicki &amp; Butler &amp; Watson</subfield></datafield><datafield ind1="0" ind2=" " tag="730"><subfield code="a">Chance /</subfield><subfield code="g">Adamson &amp; Brzesicki &amp; Butler &amp; Watson</subfield></datafield><datafield ind1="0" ind2=" " tag="730"><subfield code="a">Tracks of my tears /</subfield><subfield code="g">Robinson, William &amp; Moore, Warren &amp; Tarplin, Marvin</subfield></datafield><datafield ind1="0" ind2=" " tag="730"><subfield code="a">Look away /</subfield><subfield code="g">Adamson, Stuart</subfield></datafield><datafield ind1="0" ind2=" " tag="730"><subfield code="a">Steeltown /</subfield><subfield code="g">Adamson &amp; Brzezicki &amp; Butler &amp; Watson</subfield></datafield><datafield ind1="0" ind2=" " tag="730"><subfield code="a">Wonderland /</subfield><subfield code="g">Adamson &amp; Brzezicki &amp; Butler &amp; Watson</subfield></datafield><datafield ind1="0" ind2=" " tag="730"><subfield code="a">In a big country /</subfield><subfield code="g">Adamson &amp; Brzezicki &amp; Butler &amp; Watson</subfield></datafield><datafield ind1="0" ind2=" " tag="730"><subfield code="a">Lost patrol /</subfield><subfield code="g">Adamson &amp; Brzezicki &amp; Butler &amp; Watson</subfield></datafield><datafield ind1="0" ind2=" " tag="730"><subfield code="a">Hey hey, my my (Into the black) /</subfield><subfield code="g">Young, Neil</subfield></datafield><datafield ind1="0" ind2=" " tag="730"><subfield code="a">Fields of fire /</subfield><subfield code="g">Adamson &amp; Brzezicki &amp; Butler &amp; Watson</subfield></datafield><datafield ind1=" " ind2=" " tag="852"><subfield code="x">Helsingin luokanmuutos 7.5.2026</subfield></datafield></record>